<record><leader>00000cas a22000007a 4500</leader><controlfield tag="001">9750809</controlfield><controlfield tag="008">830728d18541866nyuwr ne      0    0eng d</controlfield><datafield ind1=" " ind2=" " tag="010"><subfield code="a">sn 83031044 </subfield></datafield><datafield ind1=" " ind2=" " tag="040"><subfield code="a">NPU</subfield><subfield code="b">eng</subfield><subfield code="c">NPU</subfield><subfield code="d">NPX</subfield><subfield code="d">NYS</subfield><subfield code="d">YOX</subfield><subfield code="d">NYS</subfield><subfield code="d">OCL</subfield><subfield code="d">KRTAS</subfield><subfield code="d">OCLCQ</subfield><subfield code="d">OCLCF</subfield><subfield code="d">OCLCO</subfield></datafield><datafield ind1="1" ind2=" " tag="029"><subfield code="a">AU@</subfield><subfield code="b">000020226952</subfield></datafield><datafield ind1=" " ind2=" " tag="042"><subfield code="a">msc</subfield></datafield><datafield ind1=" " ind2=" " tag="043"><subfield code="a">n-us-ny</subfield></datafield><datafield ind1="0" ind2=" " tag="130"><subfield code="a">Mohawk Valley register (Fort Plain, N.Y. : 1854)</subfield></datafield><datafield ind1="1" ind2="0" tag="245"><subfield code="a">Mohawk Valley register.</subfield></datafield><datafield ind1=" " ind2=" " tag="260"><subfield code="a">Fort Plain [N.Y.] :</subfield><subfield code="b">W. Clayton Wendell, Harrison Stansel</subfield></datafield><datafield ind1=" " ind2=" " tag="300"><subfield code="a">v. ;</subfield><subfield code="c">58 cm.</subfield></datafield><datafield ind1=" " ind2=" " tag="310"><subfield code="a">Weekly</subfield></datafield><datafield ind1="1" ind2=" " tag="362"><subfield code="a">Began in 1854.</subfield></datafield><datafield ind1="0" ind2=" " tag="362"><subfield code="a">-v. 12, no. 52 (Apr. 27, 1866).</subfield></datafield><datafield ind1=" " ind2=" " tag="500"><subfield code="a">Publishers: W. Clayton Wendell, Harrison Stansel, 1854-1855; Wendell &amp; D.S. Kellogg, 1855-1856; Webster &amp; Wendell, 1856-1859; C.W. Webster &amp; Crounse, &lt;May 12, 1859&gt;; Webster &amp; Bradbury, &lt;June 2, 1859&gt;-1860; Webster &amp; Matthewson, 1860-&lt;1863&gt;.</subfield></datafield><datafield ind1=" " ind2=" " tag="500"><subfield code="a">Editor: C.W. Webster, &lt;1857&gt;.</subfield></datafield><datafield ind1=" " ind2=" " tag="515"><subfield code="a">Publication suspended, Apr. 10-May 15, 1856.</subfield></datafield><datafield ind1=" " ind2=" " tag="588"><subfield code="a">Description based on: Vol. 1, no. 2 (Mar. 23, 1854).</subfield></datafield><datafield ind1=" " ind2="0" tag="651"><subfield code="a">Fort Plain (N.Y.)</subfield><subfield code="v">Newspapers.</subfield></datafield><datafield ind1=" " ind2="0" tag="651"><subfield code="a">Montgomery County (N.Y.)</subfield><subfield code="v">Newspapers.</subfield></datafield><datafield ind1=" " ind2="7" tag="655"><subfield code="a">Newspapers.</subfield><subfield code="2">fast</subfield><subfield code="0">(OCoLC)fst01423814</subfield></datafield><datafield ind1=" " ind2="7" tag="651"><subfield code="a">New York (State)</subfield><subfield code="z">Fort Plain.</subfield><subfield code="2">fast</subfield><subfield code="0">(OCoLC)fst01287915</subfield></datafield><datafield ind1=" " ind2="7" tag="651"><subfield code="a">New York (State)</subfield><subfield code="z">Montgomery County.</subfield><subfield code="2">fast</subfield><subfield code="0">(OCoLC)fst01208884</subfield></datafield><datafield ind1=" " ind2=" " tag="752"><subfield code="a">United States</subfield><subfield code="b">New York</subfield><subfield code="c">Montgomery</subfield><subfield code="d">Fort Plain.</subfield></datafield><datafield ind1="0" ind2="0" tag="780"><subfield code="t">Montgomery phoenix</subfield><subfield code="w">(DLC)sn 88074581</subfield><subfield code="w">(OCoLC)18212892</subfield></datafield><datafield ind1="0" ind2="0" tag="785"><subfield code="t">Mohawk Valley register and Fort Plain journal</subfield><subfield code="w">(DLC)sn 85038690</subfield></datafield><datafield ind1=" " ind2=" " tag="938"><subfield code="a">Kirtas Technologies, Inc.</subfield><subfield code="b">KRTS</subfield><subfield code="n">737186</subfield></datafield></record>